@comment{x-kbibtex-personnameformatting=<%l><, %f>}

@unpublished{Fujii,
	author = "Fujii, Keisuke",
	note = "(unpublished)",
	title = "{Extended Kalman Filter}"
}

@article{Wolin_1993,
	author = "Wolin, E.J. and Ho, L.L.",
	issn = "0168-9002",
	journal = "Nucl. Instrum. Methods A",
	note = "(FERMILAB-Pub-92/231)",
	pages = "493",
	title = "{Covariance matrices for track fitting with the Kalman filter}",
	volume = "329",
	year = "1993"
}

@article{RPP_2012,
	author = "Beringer, J. and others",
	collaboration = "Particle Data Group",
	doi = "10.1103/PhysRevD.86.010001",
	issue = "1",
	journal = "Phys. Rev. D",
	month = "Jul",
	numpages = "1528",
	pages = "010001",
	publisher = "American Physical Society",
	title = "{Review of Particle Physics}",
	url = "http://link.aps.org/doi/10.1103/PhysRevD.86.010001",
	volume = "86",
	year = "2012"
}

